@book{book:china_history,
    author    = {Morton, W. Scott and Lewis, Charlton M.},
    title     = {China: Its History and Culture},
    publisher = {McGraw-Hill, Inc.},
    year      = {2005},
    address   = {New York},
    pages     = {70}
}